<?xml version="1.0" encoding="UTF-8"?><collection xmlns="http://www.loc.gov/MARC21/slim"><record><leader>00411nam--2200133-i-4500</leader><controlfield tag="001">000032194</controlfield><controlfield tag="002">20161230</controlfield><controlfield tag="005">20161230201039</controlfield><controlfield tag="008">060222s1000------------r-----000-0-eng-d</controlfield><datafield ind1=" " ind2=" " tag="080"><subfield code="a">530.145.6</subfield></datafield><datafield ind1=" " ind2=" " tag="245"><subfield code="a">Mathematics physics and applied mathematics. vol.1: quantum mechanics, determinism, causality and particles</subfield></datafield><datafield ind1=" " ind2=" " tag="260"><subfield code="a">Dordrecht-holland, D.Reidel Publ.Co., 1976</subfield></datafield><datafield ind1=" " ind2=" " tag="700"><subfield code="a">Flato, M./S.A.</subfield></datafield><datafield ind1=" " ind2=" " tag="852"><subfield code="a">43227</subfield></datafield></record></collection>